@article{wilson2014using,
  title={Using Trajectory Data to Improve Bayesian Optimization for Reinforcement Learning},
  author={Wilson, Aaron and Fern, Alan and Tadepalli, Prasad},
  journal={Journal of Machine Learning Research},
  volume={15},
  pages={253--282},
  year={2014}
}

@inproceedings{ficici2003game,
  title={A game-theoretic memory mechanism for coevolution},
  author={Ficici, Sevan G and Pollack, Jordan B},
  booktitle={Genetic and Evolutionary Computationâ€”GECCO 2003},
  pages={286--297},
  year={2003},
  organization={Springer}
}